@comment{kuninfo,
    Referanser blir kun synlig i bibliografien hvis de er sitert i teksten.
    
    Typer kan være feks. article, manual, book, misc.
    
    Se eksempler på:
    https://en.wikibooks.org/wiki/LaTeX/Bibliography_Management#Standard_templates
}


@misc{EM4100,
    author =    "Priority 1 Design",
    title  =    "EM4100 Protocol description",
    year   =    "2007",
    url    =    "http://www.priority1design.com.au/em4100_protocol.html",
    note = "[Online; last accessed 12-June-2018]"
}
@misc{t5557priority,
    author =    "Priority 1 Design",
    title  =    "T5557 Protocol description",
    year   =    "2007",
    url    =    "http://www.priority1design.com.au/t5557_rfid_transponder.html",
    note = "[Online; last accessed 12-June-2018]"
}

%https://www.nkom.no/files/frekvensportalen/9999999%20-%20Fribruksforskriften.pdf
%http://www.serasidis.gr/circuits/RFID_reader/125kHz_RFID_reader.htm
@misc{nkom,
    author =    "Solberg, D.",
    title  =    "EM4100 Protocol description",
    year   =    "2007",
    url    =    "https://www.nkom.no/files/frekvensportalen/9999999\%20-\%20Fribruksforskriften.pdf",
}

%https://en.wikipedia.org/wiki/Forsyth%E2%80%93Edwards_Notation

@misc{ wiki:FEN,
  author = {{Forsyth–Edwards Notation}},
  title = "Forsyth–Edwards Notation --- {W}ikipedia{,} The Free Encyclopedia",
  year = "2017",
  url = "https://en.wikipedia.org/wiki/Forsyth\%E2\%80\%93Edwards_Notation",
  note = "[Online; last accessed 12-June-2018]"
}

@unpublished{note:MQTT,
	author	= "OASIS",
	title	= "MQTT Version 3.1.1",
	year	= "2014",
	month	= "October",
	url = "http://docs.oasis-open.org/mqtt/mqtt/v3.1.1/os/mqtt-v3.1.1-os.pdf",
	note	= "[Online; last accessed 12-June-2018]"
}

%
@misc{FIDErules,
author = "FIDE",
title = "FIDE handbook",
year = "2017",
url = "https://www.fide.com/FIDE/handbook/Standards_of_Chess_Equipment_and_tournament_venue.pdf",
note	= "[Online; last accessed 12-June-2018]"}

@misc{Manchester,
  author = {{Maxim Integrated}},
  title = "Manchester Data Encoding for Radio Communications",
  year = "2005",
  url = "https://www.maximintegrated.com/en/app-notes/index.mvp/id/3435",
  note = "[Online; last accessed 12-June-2018]"
}


@misc{ManchesterAtmel,
  author = {{Atmel Corporation}},
  title = "Manchester Coding Basics",
  year = "2015",
  url = "http://ww1.microchip.com/downloads/en/AppNotes/Atmel-9164-Manchester-Coding-Basics_Application-Note.pdf",
  note = "[Online; last accessed 12-June-2018]" 
}
@article{forster2000manchester,
  title={Manchester encoding: opposing definitions resolved},
  author={Forster, Roger},
  journal={Engineering Science and Education Journal},
  volume={9},
  number={6},
  pages={278--280},
  year={2000},
  publisher={IET}
}



@misc{mosquitto,
  title = {{Eclipse Mosquitto} An open source MQTT broker},
  url = {https://mosquitto.org/},
  note = {Online; last accessed 03-July-2018}
}


@misc{mqttpython,
  title = {{Python Software Foundation} paho-mqtt 1.3.1},
  url = "https://pypi.org/project/paho-mqtt/",
  note = {Online; last accessed 03-July-2018}
}

@misc{Fiekas2017,
  author = {Niklas Fiekas},
  title = {web-boardimage},
  year = {2017},
  publisher = {GitHub},
  journal = {GitHub repository},
  howpublished = {\url{https://github.com/niklasf/web-boardimage}},
  commit = {0905e8b8265679c59cb168f37cfc845c8a17526a}
}

@book{2008hacking,
  title={Hacking Exposed Linux: Linux Security Secrets and Solutions},
  isbn={9780072262575},
  lccn={2008030495},
  series={Hacking Exposed},
  pages = {296-319},
  url={https://books.google.no/books?id=PLI\_mQEACAAJ},
  year={2008},
  publisher={McGraw-Hill Education}
}
@misc{tvedt_2018,
    title={Den kalde krigen – Store norske leksikon},
    url={https://snl.no/Den_kalde_krigen}, journal={Store norske leksikon},
    publisher={Store norske leksikon},
    author={Tvedt, Knut Are},
    year={2018},
    month={April},
    note = {Online; last accessed 03-July-2018}
    }

@misc{cashless2018,
title={Cashless > Hjem},
url={https://www.cashless.no/},
journal={Cashless > Hjem},
publisher={Espos Norge AS},
year={2018},
note = {Online; last accessed 03-July-2018}
}

@misc{roberti_francois,
title={Can I Detect the Position of One Passive RFID Transponder Relative to Another?},
url={https://www.rfidjournal.com/blogs/experts/entry?11718},
journal={The History of RFID Technology - 2005-01-16 - Page 1 - RFID Journal}, 
publisher={RFID Journal},
author={Roberti, Mark and Francois}
}

@article{antennadesign,
  title={Antenna Circuit Design},
  author={Dr. Youbok Lee, Ph.D.},
  year={2003},
  publisher={Microchip Technology inc.}
}
@misc{microID125,
  title={microID 125 kHz RFID System Design Guide},
  year={2004},
  publisher={Microchip Technology inc.},
  url = {http://ww1.microchip.com/downloads/en/devicedoc/51115f.pdf}
}
@misc{AmazonGo,
 author = {Puerini, Gianna Lise},
 title = {TRANSTONING TEMIS FROM A
MATERALS HANDLING FACILITY},
 year = {2015},
 month = {01},
 day = {08},
 number = {US 2015/0012396},
 type = {Patent},
 version = {},
 location = {US},
 url = {https://patentimages.storage.googleapis.com/5b/17/73/510f68b0ca9862/US20150012396A1.pdf},
 yearfiled = {2014},
 monthfiled = {09},
 dayfiled = {24}
}

@article{swedberg2011norsk,
  title={Norsk Lastbaerer Pool Inserts RFID Into the Norwegian Food Chain},
  author={Swedberg, C},
  journal={RFID Journal (January 19, 2011)},
  year={2011}
}

@misc{dipankar2009rfid,
  title={RFID for Energy and Utility Industries},
  author={Dipankar, Sen and Prosenjit, Sen and Das Anand, M},
  year={2009},
  publisher={PennWell. ISBN}
}
@article{weis2007rfid,
  title={RFID (radio frequency identification): Principles and applications},
  author={Weis, Stephen A},
  journal={System},
  volume={2},
  number={3},
  pages={1--23},
  year={2007}
}
@article{nordrum2016popular,
  title={Popular internet of things forecast of 50 billion devices by 2020 is outdated},
  author={Nordrum, Amy and others},
  journal={IEEE spectrum},
  volume={18},
  year={2016}
}

@misc{bosa_salinas_2018,
title={We accidentally stole a yogurt from Amazon's new grocery store, but Amazon told us to keep it},
url={https://www.cnbc.com/2018/01/22/amazon-go-grocery-store-opened-and-we-accidentally-stole-a-yogurt.html},
journal={CNBC},
publisher={CNBC}, 
author={Bosa, Deirdre and Salinas, Sara}, 
year={2018}, 
month={Jan}}

@misc{attiny13, 
title ={8-bit microcontroller with 1k bytes in-system programmable flash},
url={http://ww1.microchip.com/downloads/en/DeviceDoc/doc2535.pdf},
publisher={Atmel Corporation}, 
year={2010}}

@misc{attiny85, 
title ={Atmel 8-bit AVR Microcontroller with 2/4/8K
Bytes In-System Programmable Flash},
url={http://ww1.microchip.com/downloads/en/DeviceDoc/Atmel-2586-AVR-8-bit-Microcontroller-ATtiny25-ATtiny45-ATtiny85_Datasheet.pdf},
publisher={Atmel Corporation}, 
year={2013}}

@misc{attiny1617, 
title ={8-bit AVR Microcontroller ATtiny1614 / ATtiny1616 / ATtiny1617},
url={http://ww1.microchip.com/downloads/en/DeviceDoc/40001893B.pdf},
publisher={Microchip Technology Inc.}, 
year={2017}}


@misc{atmega4809, 
title ={ATmega3209/4809 – 48-pin Data Sheet megaAVR® 0-series},
url={http://ww1.microchip.com/downloads/en/DeviceDoc/40002016A.pdf},
publisher={Microchip Technology Inc.}, 
year={2018}}

@misc{Frekvensplan, 
title ={Nasjonal frekvensplan},
url={https://frekvens.nkom.no/#/main},
publisher={Nasjonal kommunikasjonsmyndighet}, 
year={2017}}

@article{cardullo2005genesis,
  title={Genesis of the versatile RFID tag},
  author={Cardullo, Mario},
  journal={RFID Journal},
  volume={2},
  number={1},
  pages={13--15},
  year={2005}
}


@misc{cardullo1973transponder,
  title={Transponder apparatus and system},
  author={Cardullo, Mario and Parks, William},
  year={1973},
  month=jan # "~23",
  publisher={Google Patents},
  note={US Patent 3,713,148}
}
@article{roberti2004epcglobal,
  title={EPCglobal ratifies Gen 2 standard},
  author={Roberti, Mark},
  journal={RFID Journal},
  volume={16},
  year={2004}
}

@misc{raspberryturk,
  title = {RASPBERRY TURK},
  author = {Joey Mayer},
  url = "http://www.raspberryturk.com/",
  note = {Online; last accessed 03-July-2018}
}

@book{schaffer1999enlightened,
  title={Enlightened automata},
  author={Schaffer, Simon},
  year={1999},
  publisher={na}
}

@incollection{cho2014rfid,
  title={RFID antenna for position detection of train},
  author={Cho, Bong-Kwan},
  booktitle={Future Information Technology},
  pages={903--908},
  year={2014},
  publisher={Springer}
}

@misc{triangulationbritannica_2011, 
title={Triangulation},
url={https://www.britannica.com/science/triangulation-trigonometry}, journal={Encyclopedia Britannica},
publisher={Encyclopedia Britannica, inc.},
author={The Editors of Encyclopaedia Britannica}, 
year={2011}, month={Apr}}


\iffalse
%ALLE EKSEMPLER LIMES UNDER DENNE \iffalse, DETTE FORDI DET IKKE BLIR MED I KOMPILERINGEN (CUZ LOGIC).
@MISC{mull,
   author =       {Mull, Jeff},
   title =        {Maldives Controversy},
   editor =       {Surfing Magazine},
   month =        {September},
   year =         {2010},
   url =          {http://www.surfermag.com/features/maldives-controversy/},
   note =         {[Online; posted 13-September-2012]},
 }
 
 @article{lenz1990review,
  title     =   "A review of magnetic sensors",
  author    =   "Lenz, James E",
  journal   =   "Proceedings of the IEEE",
  volume    =   "78",
  number    =   "6",
  pages     =   "973--989",
  year      =   "1990",
  publisher =   "IEEE"
}

@manual{databladtemp,
    title       =   "LM35DZ datasheet",
    organization=   "JameCo Electronics",
    year        =   "2000",
    note        =   {
        Available online at: \url{http://www.jameco.com/Jameco/Products/ProdDS/1276463.pdf} (visited on May 9, 2016)
    }
}
%ALLE EKSEMPLER LIMES OVER \fi
\fi